<record><leader>00000cas a22000007a 4500</leader><controlfield tag="001">13489763</controlfield><controlfield tag="008">860424c19059999couwr ne      0    0eng d</controlfield><datafield ind1=" " ind2=" " tag="010"><subfield code="a">sn 91052633 </subfield></datafield><datafield ind1=" " ind2=" " tag="040"><subfield code="a">DPL</subfield><subfield code="b">eng</subfield><subfield code="c">DPL</subfield><subfield code="d">CNQ</subfield><subfield code="d">OCL</subfield><subfield code="d">CNQ</subfield><subfield code="d">OCLCQ</subfield></datafield><datafield ind1=" " ind2=" " tag="042"><subfield code="a">msc</subfield></datafield><datafield ind1="0" ind2=" " tag="130"><subfield code="a">Monitor (Denver, Colo.)</subfield></datafield><datafield ind1="1" ind2="4" tag="245"><subfield code="a">The monitor.</subfield></datafield><datafield ind1="3" ind2="0" tag="246"><subfield code="a">Church monitor edition</subfield></datafield><datafield ind1="3" ind2="0" tag="246"><subfield code="a">Monitor school edition</subfield></datafield><datafield ind1=" " ind2=" " tag="260"><subfield code="a">Denver, Colo. :</subfield><subfield code="b">The Church</subfield></datafield><datafield ind1=" " ind2=" " tag="300"><subfield code="a">v.</subfield></datafield><datafield ind1="1" ind2=" " tag="362"><subfield code="a">Began in 1905?</subfield></datafield><datafield ind1=" " ind2=" " tag="500"><subfield code="a">Published sometimes as: Church monitor edition, and: Monitor school edition."</subfield></datafield><datafield ind1=" " ind2=" " tag="550"><subfield code="a">Issued 191-?- by Sacred Heart Parish.</subfield></datafield><datafield ind1=" " ind2=" " tag="588"><subfield code="a">Description based on: Vol. 1, no. 3 (Aug. 1906).</subfield></datafield><datafield ind1="2" ind2="0" tag="610"><subfield code="a">Sacred Heart Church (Denver, Colo.)</subfield><subfield code="v">Newspapers.</subfield></datafield><datafield ind1="2" ind2=" " tag="710"><subfield code="a">Sacred Heart Church (Denver, Colo.)</subfield></datafield><datafield ind1="1" ind2=" " tag="029"><subfield code="a">AU@</subfield><subfield code="b">000025867148</subfield></datafield></record>